% Encoding: UTF-8

@Article{stallman:1981,
  author = {Richard M. Stallman},
  title  = {Emacs: The Extensible, Customizable Display Editor},
  year   = {1981},
  url    = {https://www.gnu.org/software/emacs/emacs-paper.html},
}


@Book{stallman:2000,
  author    = {Richard M. Stallman},
  title     = {GNU Emacs Manual},
  year      = {2000},
  publisher = {Gnu Press},
  isbn      = {1882114078}
}

@Book{glickstein:1997,
  author    = {Bob Glickstein},
  title     = {Writing GNU Emacs Extensions},
  year      = {1997},
  publisher = {O'Reilly Media},
  isbn      = {1565922611}
}  

@Book{guenther:2003,
  author    = {Karsten Guenther},
  title     = {Emacs Ge-Packt},
  year      = {2003},
  publisher = {mitp},
  isbn      = {3826613090}
}

@Book{emacs:1996,
  author  = {Debra Cameron and Bill Rosenblatt and Eric Raymond},
  title   = {Learning GNU Emacs},
  year    = {1996},
  edition = {2},
  isbn    = {1565921526}
}

@Book{dominik:2016,
  author       = {Dominik, Carsten},
  title        = {The Org Mode 9 Reference Manual},
  year         = {2016},
  date         = {2016-11-21},
  mainsubtitle = {Organize your life with GNU Emacs},
  publisher    = {ARTPOWER INTL PUB},
  isbn         = {9789888406852},
  pagetotal    = {300},
  ean          = {9789888406852}
}

@Book{horn:1980,
  author    = {Patrick Henry Winston and B.K.P. Horn},
  title     = {Lisp},
  year      = {1980},
  publisher = {Addison-Wesley},
  isbn      = {0201083299}
}

@Comment{jabref-meta: databaseType:biblatex;}
